@misc{ZehrSchwarz2018,
  author       = {Zehr, Jeremy and Schwarz, Florian},
  title        = {PennController for Internet Based Experiments (IBEX)},
  year         = {2018},
  howpublished = {\url{https://doi.org/10.17605/OSF.IO/MD832}},
  note         = {OSF. https://doi.org/10.17605/OSF.IO/MD832}
}

@misc{Prolific,
  author       = {{Prolific}},
  title        = {Prolific: Participant recruitment for research},
  year         = {n.d.},
  howpublished = {\url{https://www.prolific.com}},
  note         = {https://www.prolific.com}
}

@article{GordonEtAl2001,
  title={Memory interference during language processing.},
  author={Gordon, Peter C and Hendrick, Randall and Johnson, Marcus},
  journal={Journal of experimental psychology: learning, memory, and cognition},
  volume={27},
  number={6},
  pages={1411},
  year={2001},
  publisher={American Psychological Association}
}

@article{Edeleva2023,
  title={Embedded NP error in German object relative clause comprehension: A case for a universal developmental pathway},
  author={Edeleva, Julia},
  journal={Quarterly Journal of Experimental Psychology},
  volume={76},
  number={6},
  pages={1220--1232},
  year={2023},
  publisher={SAGE Publications Sage UK: London, England}
}

@article{WarrenGibson2005,
  title={Effects of NP type in reading cleft sentences in English},
  author={Warren, Tessa and Gibson, Edward},
  journal={Language and Cognitive Processes},
  volume={20},
  number={6},
  pages={751--767},
  year={2005},
  publisher={Taylor \& Francis}
}

@article{TraxlerEtAl2002,
  title={Processing subject and object relative clauses: Evidence from eye movements},
  author={Traxler, Matthew J and Morris, Robin K and Seely, Rachel E},
  journal={Journal of memory and language},
  volume={47},
  number={1},
  pages={69--90},
  year={2002},
  publisher={Elsevier}
}

@article{MakEtAl2006,
  title={Animacy in processing relative clauses: The hikers that rocks crush},
  author={Mak, Willem M and Vonk, Wietske and Schriefers, Herbert},
  journal={Journal of memory and language},
  volume={54},
  number={4},
  pages={466--490},
  year={2006},
  publisher={Elsevier}
}

@article{KwonEtAl2010,
  title={Cognitive and linguistic factors affecting subject/object asymmetry: An eye-tracking study of prenominal relative clauses in Korean},
  author={Kwon, Nayoung and Gordon, Peter C and Lee, Yoonhyoung and Kluender, Robert and Polinsky, Maria},
  journal={Language},
  volume={86},
  number={3},
  pages={546--582},
  year={2010},
  publisher={Linguistic Society of America}
}

@inproceedings{IshizukaEtAl2003,
  title={Relative clause extraction complexity in Japanese},
  author={Ishizuka, Tomoko and Nakatani, Kentaro and Gibson, Edward},
  booktitle={Poster presented at the 16th annual CUNY conference on human sentence processing, Massachusetts Institute of Technology, Cambridge, MA},
  year={2003},
  organization={Citeseer}
}

@article{GibsonWu2013,
  title={Processing Chinese relative clauses in context},
  author={Gibson, Edward and Wu, H-H Iris},
  journal={Language and Cognitive Processes},
  volume={28},
  number={1-2},
  pages={125--155},
  year={2013},
  publisher={Taylor \& Francis}
}

@article{ComrieKeenan1979,
  title={Noun phrase accessibility revisited},
  author={Comrie, Bernard and Keenan, Edward L},
  journal={Language},
  pages={649--664},
  year={1979},
  publisher={JSTOR}
}

@article{Kuno1974,
  title={The position of relative clauses and conjunctions},
  author={Kuno, Susumu},
  journal={Linguistic Inquiry},
  volume={5},
  number={1},
  pages={117--136},
  year={1974},
  publisher={JSTOR}
}

@article{Hamilton1994,
  title={Is implicational generalization unidirectional and maximal? Evidence from relativization...},
  author={Hamilton, Robert L},
  journal={Language learning},
  volume={44},
  number={1},
  year={1994}
}

@article{Gibson2000,
  title={The dependency locality theory: A distance-based theory of linguistic complexity},
  author={Gibson, Edward},
  journal={Image, language, brain},
  volume={2000},
  pages={95--126},
  year={2000}
}

@article{VanDykeMcElree2006,
  title={Retrieval interference in sentence comprehension},
  author={Van Dyke, Julie A and McElree, Brian},
  journal={Journal of memory and language},
  volume={55},
  number={2},
  pages={157--166},
  year={2006},
  publisher={Elsevier}
}

@article{KingJust1991,
  title={Individual differences in syntactic processing: The role of working memory},
  author={King, Jonathan and Just, Marcel Adam},
  journal={Journal of memory and language},
  volume={30},
  number={5},
  pages={580--602},
  year={1991},
  publisher={Elsevier}
}

@article{KimChristianson2017,
  title={Working memory effects on L1 and L2 processing of ambiguous relative clauses by Korean L2 learners of English},
  author={Kim, Ji Hyon and Christianson, Kiel},
  journal={Second Language Research},
  volume={33},
  number={3},
  pages={365--388},
  year={2017},
  publisher={SAGE Publications Sage UK: London, England}
}

@article{StellaEngelhardt2021,
  title={Comprehension and eye movements in the processing of subject-and object-relative clauses: Evidence from dyslexia and individual differences},
  author={Stella, Marianna and Engelhardt, Paul E},
  journal={Brain Sciences},
  volume={11},
  number={7},
  pages={915},
  year={2021},
  publisher={MDPI}
}

@article{GordonEtAl2004,
  title={Effects of noun phrase type on sentence complexity},
  author={Gordon, Peter C and Hendrick, Randall and Johnson, Marcus},
  journal={Journal of memory and Language},
  volume={51},
  number={1},
  pages={97--114},
  year={2004},
  publisher={Elsevier}
}

@article{MacDonaldChristiansen2002,
  title={Reassessing working memory: comment on Just and Carpenter (1992) and Waters and Caplan (1996).},
  author={MacDonald, Maryellen C and Christiansen, Morten H},
  year={2002},
  publisher={American Psychological Association}
}

@article{WellsEtAl2009,
  title={Experience and sentence processing: Statistical learning and relative clause comprehension},
  author={Wells, Justine B and Christiansen, Morten H and Race, David S and Acheson, Daniel J and MacDonald, Maryellen C},
  journal={Cognitive psychology},
  volume={58},
  number={2},
  pages={250--271},
  year={2009},
  publisher={Elsevier}
}

@article{Takahashi2018,
  title={A corpus-based study on Japanese EFL learners’ use of relative clause constructions: CEFR criterial feature and error analysis},
  author={Takahashi, Yuka},
  journal={English Corpus Studies},
  volume={25},
  pages={57--78},
  year={2018}
}

@article{XiaEtAl2020,
  title={Intervention in relative clauses: Effects of relativized minimality on L2 representation and processing},
  author={Xia, Vera Yunxiao and White, Lydia and Guzzo, Nat{\'a}lia Brambatti},
  journal={Second Language Research},
  volume={38},
  number={2},
  pages={347--372},
  year={2020},
  publisher={SAGE Publications Sage UK: London, England}
}

@article{AdaniEtAl2014,
  title={Number dissimilarities facilitate the comprehension of relative clauses in children with (Grammatical) Specific Language Impairment},
  author={Adani, Flavia and Forgiarini, Matteo and Guasti, Maria Teresa and Van Der Lely, Heather KJ},
  journal={Journal of child language},
  volume={41},
  number={4},
  pages={811--841},
  year={2014},
  publisher={Cambridge University Press}
}

@article{ContemoriMarinis2014,
  title={The impact of number mismatch and passives on the real-time processing of relative clauses},
  author={Contemori, Carla and Marinis, Theodoros},
  journal={Journal of Child Language},
  volume={41},
  number={3},
  pages={658--689},
  year={2014},
  publisher={Cambridge University Press}
}

@inproceedings{BenteaBurrleman2017,
  title={Now you hear it, now you don’t: Number mismatch in the comprehension of relative clauses in French},
  author={Bentea, Anamaria and Durrleman, Stephanie},
  booktitle={Proceedings of the 41st annual Boston university conference on language development},
  pages={60--73},
  year={2017}
}

@article{BiondoEtAl2023,
  title={Features matter: the role of number and gender features during the online processing of subject-and object-relative clauses in Italian},
  author={Biondo, Nicoletta and Pagliarini, Elena and Moscati, Vincenzo and Rizzi, Luigi and Belletti, Adriana},
  journal={Language, Cognition and Neuroscience},
  volume={38},
  number={6},
  pages={802--820},
  year={2023},
  publisher={Taylor \& Francis}
}

@article{CilibrasiEtAl2022,
  title={The role of number mismatch and exposure in the comprehension of relative clauses in bilingual children},
  author={Cilibrasi, Luca and Adani, Flavia and P{\'e}rez, Ana I and Schmidt, Elaine and Wigdorowitz, Mandy and Tsimpli, Ianthi M},
  journal={Applied psycholinguistics},
  volume={43},
  number={3},
  pages={663--682},
  year={2022},
  publisher={Cambridge University Press}
}

@article{StaubEtAl2017,
  title={The matrix verb as a source of comprehension difficulty in object relative sentences},
  author={Staub, Adrian and Dillon, Brian and Clifton Jr, Charles},
  journal={Cognitive Science},
  volume={41},
  pages={1353--1376},
  year={2017},
  publisher={Wiley Online Library}
}

@article{CunningsFujita2023,
  title={Similarity-based interference and relative clauses in second language processing},
  author={Cunnings, Ian and Fujita, Hiroki},
  journal={Second Language Research},
  volume={39},
  number={2},
  pages={539--563},
  year={2023},
  publisher={SAGE Publications Sage UK: London, England}
}

@article{Kortmann2020,
  title={English linguistics},
  author={Kortmann, Bernd},
  journal={Essentials. JB Metzler},
  year={2020},
  publisher={Springer}
}

@article{KiddEtAl2015,
  title={Cross-linguistic influence in simultaneous Cantonese--English bilingual children's comprehension of relative clauses},
  author={Kidd, Evan and Chan, Angel and Chiu, Joie},
  journal={Bilingualism: Language and Cognition},
  volume={18},
  number={3},
  pages={438--452},
  year={2015},
  publisher={Cambridge University Press}
}

@article{KiddEtAl2007,
  title={Object relatives made easy: A cross-linguistic comparison of the constraints influencing young children's processing of relative clauses},
  author={Kidd, Evan and Brandt, Silke and Lieven, Elena and Tomasello, Michael},
  journal={Language and cognitive processes},
  volume={22},
  number={6},
  pages={860--897},
  year={2007},
  publisher={Taylor \& Francis}
}

@inproceedings{OewerdieckEtAl2021,
  title={Studying a Bilingual population’s production and comprehension of relative clauses longitudinally: Preliminary results},
  author={{\"O}werdieck, David and Hamann, Cornelia and Ibrahim, Lina Abed and Dionne, D and Vidal Covas, L},
  booktitle={Proceedings of the 45th Annual Boston University Conference on Language Development},
  pages={40--51},
  year={2021}
}

@article{FriedmannEtAl2009,
  title={Relativized relatives: Types of intervention in the acquisition of A-bar dependencies},
  author={Friedmann, Naama and Belletti, Adriana and Rizzi, Luigi},
  journal={Lingua},
  volume={119},
  number={1},
  pages={67--88},
  year={2009},
  publisher={Elsevier}
}

@article{OGradyEtAl2003,
  title={A subject-object asymmetry in the acquisition of relative clauses in Korean as a second language},
  author={O'Grady, William and Lee, Miseon and Choo, Miho},
  journal={Studies in Second language acquisition},
  volume={25},
  number={3},
  pages={433--448},
  year={2003},
  publisher={Cambridge University Press}
}

@article{SakakibaraYokokawa2015,
  title={Repeated exposure effects on Japanese EFL learners’ relative clause processing: Evidence from a self-paced reading experiment},
  author={Sakakibara, Keiko and Yokokawa, Hirokazu},
  journal={Journal of the Japan Society for Speech Sciences},
  volume={16},
  pages={35--58},
  year={2015}
}

@article{Street2017,
  title={This is the native speaker that the non-native speaker outperformed: Individual, education-related differences in the processing and interpretation of Object Relative Clauses by native and non-native speakers of English},
  author={Street, James A},
  journal={Language Sciences},
  volume={59},
  pages={192--203},
  year={2017},
  publisher={Elsevier}
}

@article{Hopp2016,
  title={The timing of lexical and syntactic processes in second language sentence comprehension},
  author={Hopp, Holger},
  journal={Applied Psycholinguistics},
  volume={37},
  number={5},
  pages={1253--1280},
  year={2016},
  publisher={Cambridge University Press}
}

@article{ZhaiEtAl2019,
  title={Exploring eye-tracking analyses of EFL learners’ cognitive processing of reduced relative clause},
  author={Zhai, Xuesong and Dong, Yan and Wang, Shengfen and Wang, Li and Yuan, Jing},
  journal={Cluster Computing},
  volume={22},
  pages={14181--14192},
  year={2019},
  publisher={Springer}
}

@article{HashimotoHirai2007,
  title={Comprehension of post-modification structures by Japanese learners of English: An analysis by detailed reading time},
  author={Hashimoto, Ken-ichi and Hirai, Ai},
  journal={ARELE: annual review of English language education in Japan},
  volume={18},
  pages={201--210},
  year={2007},
  publisher={The Japan Society of English Language Education}
}

@article{Staub2010,
  title={Eye movements and processing difficulty in object relative clauses},
  author={Staub, Adrian},
  journal={Cognition},
  volume={116},
  number={1},
  pages={71--86},
  year={2010},
  publisher={Elsevier}
}

@article{SunEtAl2023,
  title={Exploring the effects of animacy and verb type on the processing asymmetry between SRC and ORC among Chinese EFL learners},
  author={Sun, Li and Fan, Lin and Xu, Mengling},
  journal={Humanities and Social Sciences Communications},
  volume={10},
  number={1},
  pages={1--10},
  year={2023},
  publisher={Palgrave}
}

@article{Ishizuka2005,
  title={Processing relative clauses in Japanese},
  author={Ishizuka, Tomoko},
  journal={UCLA Working papers in Linguistics},
  volume={13},
  pages={135--157},
  year={2005},
  publisher={Citeseer}
}

@article{CarreirasEtAl2010,
  title={Subject relative clauses are not universally easier to process: Evidence from Basque},
  author={Carreiras, Manuel and Du{\~n}abeitia, Jon Andoni and Vergara, Marta and De La Cruz-Pav{\'\i}a, Irene and Laka, Itziar},
  journal={Cognition},
  volume={115},
  number={1},
  pages={79--92},
  year={2010},
  publisher={Elsevier}
}

@article{Arnon2010,
  title={Rethinking child difficulty: The effect of NP type on children's processing of relative clauses in Hebrew},
  author={Arnon, Inbal},
  journal={Journal of Child Language},
  volume={37},
  number={1},
  pages={27--57},
  year={2010},
  publisher={Cambridge University Press}
}

@article{Hayashi2019,
  author    = {Hayashi, Sachiyo},
  title     = {An examination of difficulty levels in grammaticality judgment of English relative clauses},
  journal   = {Fukuoka Daigaku Kenkyubu Ronshu A: Jinbun Kagaku Hen},
  volume    = {19},
  number    = {1},
  pages     = {17--22},
  year      = {2019},
  note      = {In Japanese}
}

@article{Sheldon1974,
  title={The role of parallel function in the acquisition of relative clauses in English},
  author={Sheldon, Amy},
  journal={Journal of verbal learning and verbal behavior},
  volume={13},
  number={3},
  pages={272--281},
  year={1974},
  publisher={Elsevier}
}

@inbook{Bever1970,
author = {Bever, Thomas},
year = {1970},
month = {01},
pages = {279-352},
title = {The Cognitive Basis for Linguistic Structures},
isbn = {9780199677139},
doi = {10.1093/acprof:oso/9780199677139.003.0001}
}

@article{Kim2017,
author = {Kim, Chae-Eun},
year = {2017},
month = {05},
pages = {71-85},
title = {Korean EFL Learners’ Production of English Relative Clauses},
volume = {18},
journal = {The Modern English Society},
doi = {10.18095/meeso.2017.18.2.04}
}

@article{RungruangChanthawee2023,
  title={The effects of explicit instruction on English relative clauses},
  author={Rungruang, Apichai and Chanthawee, Chukiat},
  journal={Trends of Humanities and Social Sciences Research},
  volume={11},
  number={1},
  pages={67--96},
  year={2023}
}

@article{Al-MaaniAl-Haija2019,
  title={The Acquisition of English Relative Clauses by University Students of English in Jordan},
  author={Al-Maani, Alaa and Al-Haija, Lutfi Abu},
  journal={Jordanian Educational Journal},
  volume={4},
  number={1},
  pages={1--19},
  year={2019}
}

@article{Alotaibi2016,
  title={Examining the Learnability of English Relative Clauses: Evidence from Kuwaiti EFL Learners.},
  author={Alotaibi, Abdullah M},
  journal={English language teaching},
  volume={9},
  number={2},
  pages={57--65},
  year={2016},
  publisher={ERIC}
}

@article{Nakamori2002,
  title={Teaching relative clauses: How to handle a bitter lemon for Japanese learners and English teachers},
  author={Nakamori, Takayuki},
  journal={ELT Journal},
  volume={56},
  number={1},
  pages={29--40},
  year={2002},
  publisher={Oxford University Press}
}

@article{AbdolmanafiRahmani2012,
  title={An investigation of the learnability of relative clauses by EFL learners},
  author={Abdolmanafi, Seyed Jalal and Rahmani, Zeinolabedin},
  journal={World Journal of English Language},
  volume={2},
  number={3},
  pages={29},
  year={2012},
  publisher={Sciedu Press}
}

@article{Gao2014,
  title={Chinese EFL learners' acquisition of English relative clauses},
  author={Gao, Qing-Qiang},
  journal={International Journal of English Linguistics},
  volume={4},
  number={3},
  pages={82},
  year={2014},
  publisher={Canadian Center of Science and Education}
}

@article{Chang2004,
author = {Chang, Yuh-Fang},
year = {2004},
month = {01},
pages = {},
title = {Second Language Relative Clause Acquisition: An Examination of Cross-Linguistic Influences},
journal = {Online Submission}
}

@article{Izumi2003,
  title={Processing difficulty in comprehension and production of relative clauses by learners of English as a second language},
  author={Izumi, Shinichi},
  journal={Language learning},
  volume={53},
  number={2},
  pages={285--323},
  year={2003},
  publisher={Wiley Online Library}
}

@article{Hassan2018,
  title={Investigating the acquisition order of English restrictive relative clauses: Evidence from Egyptian EFL Learners},
  author={Hassan, Inas Hussein},
  journal={Journal of the Faculty of Education at Alexandria University},
  volume={28},
  number={1},
  pages={313--343},
  year={2018}
}

@article{MarefatRahmany2009,
  title={Acquisition of English relative clauses by Persian EFL learners},
  author={Marefat, Hamideh and Rahmany, Ramin},
  journal={Journal of Language and Linguistic Studies},
  volume={5},
  number={2},
  year={2009},
  publisher={Hacettepe University}
}

@article{McElreeEtAl2003,
  title={Memory structures that subserve sentence comprehension},
  author={McElree, Brian and Foraker, Stephani and Dyer, Lisbeth},
  journal={Journal of memory and language},
  volume={48},
  number={1},
  pages={67--91},
  year={2003},
  publisher={Elsevier}
}

@article{JamesEtAl2018,
  title={Individual differences in syntactic processing: Is there evidence for reader-text interactions?},
  author={James, Ariel N and Fraundorf, Scott H and Lee, Eun-Kyung and Watson, Duane G},
  journal={Journal of memory and language},
  volume={102},
  pages={155--181},
  year={2018},
  publisher={Elsevier}
}

@article{Reali2014,
  title={Frequency affects object relative clause processing: Some evidence in favor of usage-based accounts},
  author={Reali, Florencia},
  journal={Language learning},
  volume={64},
  number={3},
  pages={685--714},
  year={2014},
  publisher={Wiley Online Library}
}

@article{JohnsonEtAl2011,
  title={The sentence-composition effect: processing of complex sentences depends on the configuration of common noun phrases versus unusual noun phrases.},
  author={Johnson, Marcus L and Lowder, Matthew W and Gordon, Peter C},
  journal={Journal of Experimental Psychology: General},
  volume={140},
  number={4},
  pages={707},
  year={2011},
  publisher={American Psychological Association}
}

@article{GennariMacDonald2009,
  title={Linking production and comprehension processes: The case of relative clauses},
  author={Gennari, Silvia P and MacDonald, Maryellen C},
  journal={Cognition},
  volume={111},
  number={1},
  pages={1--23},
  year={2009},
  publisher={Elsevier}
}

@article{GennariMacDonald2008,
  title={Semantic indeterminacy in object relative clauses},
  author={Gennari, Silvia P and MacDonald, Maryellen C},
  journal={Journal of memory and language},
  volume={58},
  number={2},
  pages={161--187},
  year={2008},
  publisher={Elsevier}
}

@article{RealiChristiansen2007,
  title={Processing of relative clauses is made easier by frequency of occurrence},
  author={Reali, Florencia and Christiansen, Morten H},
  journal={Journal of memory and language},
  volume={57},
  number={1},
  pages={1--23},
  year={2007},
  publisher={Elsevier}
}

@article{MacDonald2013,
  title={How language production shapes language form and comprehension},
  author={MacDonald, Maryellen C},
  journal={Frontiers in psychology},
  volume={4},
  pages={226},
  year={2013},
  publisher={Frontiers Media SA}
}

@article{MakEtAl2002,
  title={The influence of animacy on relative clause processing},
  author={Mak, Willem M and Vonk, Wietske and Schriefers, Herbert},
  journal={Journal of memory and language},
  volume={47},
  number={1},
  pages={50--68},
  year={2002},
  publisher={Elsevier}
}

@article{NarumiYokokawa2013,
  title={Proficiency and working memory effects on the use of animacy and morphosyntactic information in comprehending temporarily ambiguous sentences by Japanese EFL learners: An eye-tracking study},
  author={Narumi, Tomoyuki and Yokokawa, Hirokazu},
  journal={Journal of the Japan Society for Speech Sciences},
  volume={14},
  pages={19--42},
  year={2013}
}

@article{ClahsenFelser2006,
  title={Continuity and shallow structures in language processing},
  author={Clahsen, Harald and Felser, Claudia},
  journal={Applied Psycholinguistics},
  volume={27},
  number={1},
  pages={107--126},
  year={2006},
  publisher={Cambridge University Press}
}

@article{Ferreira2003,
  title={The misinterpretation of noncanonical sentences},
  author={Ferreira, Fernanda},
  journal={Cognitive psychology},
  volume={47},
  number={2},
  pages={164--203},
  year={2003},
  publisher={Elsevier}
}

@article{BockMiller1991,
  title={Broken agreement},
  author={Bock, Kathryn and Miller, Carol A},
  journal={Cognitive psychology},
  volume={23},
  number={1},
  pages={45--93},
  year={1991},
  publisher={Elsevier}
}

@article{NicolEtAl1997,
  title={Subject-verb agreement processes in comprehension},
  author={Nicol, Janet L and Forster, Kenneth I and Veres, Csaba},
  journal={Journal of Memory and Language},
  volume={36},
  number={4},
  pages={569--587},
  year={1997},
  publisher={Elsevier}
}

@article{Yamada2014,
  title     = {Japanese EFL Learners’ Asymmetrical Sensitivity to English Number Dis/agreement},
  author    = {Yamada, Toshiyuki},
  journal   = {Gengo Joho Kagaku [Language and Information Sciences]},
  number    = {12},
  pages     = {55--71},
  year      = {2014},
  note      = {In Japanese}
}

@article{Rizzi2001,
  title={Relativized minimality effects},
  author={Rizzi, Luigi},
  journal={The handbook of contemporary syntactic theory},
  pages={89--110},
  year={2001},
  publisher={Wiley Online Library}
}

@article{GrodnerGibson2005,
  title={Consequences of the serial nature of linguistic input for sentenial complexity},
  author={Grodner, Daniel and Gibson, Edward},
  journal={Cognitive science},
  volume={29},
  number={2},
  pages={261--290},
  year={2005},
  publisher={Wiley Online Library}
}

@article{LowderGordon2014,
  title={Effects of animacy and noun-phrase relatedness on the processing of complex sentences},
  author={Lowder, Matthew W and Gordon, Peter C},
  journal={Memory \& cognition},
  volume={42},
  pages={794--805},
  year={2014},
  publisher={Springer}
}

@article{ZonaFelser2023,
  title={Integrating Morphosyntactic and Visual Cues in L1 and L2 Comprehension},
  author={Zona, Carlotta Isabella and Felser, Claudia},
  journal={Languages},
  volume={8},
  number={2},
  pages={111},
  year={2023},
  publisher={MDPI}
}

@article{Muranoi2016,
  author    = {Muranoi, Hideo},
  title     = {Development of a diagnostic test to measure Japanese EFL learners’ grammatical competence},
  journal   = {Tohoku Gakuin University Ronshu: English Language \& Literature},
  number    = {100},
  pages     = {1--44},
  year      = {2016},
  language  = {Japanese},
  note      = {In Japanese},
}

@article{SatoEtAl2012,
  author    = {Sato, Atsushi and Kahraman, Barış and Sakai, Hiromu},
  title     = {When is the object relative clause easier to process than the subject relative clause?},
  journal   = {Technical Report of IEICE: Thought and Language (TL)},
  volume    = {112},
  number    = {145},
  pages     = {41--46},
  year      = {2012},
  note      = {In Japanese}
}

@article{KahramanSakai2015,
  title={Relative clause processing in Japanese: Psycholinguistic investigation into typological differences},
  author={Kahraman, Bar{\i}s and Sakai, Hiromu},
  journal={Handbook of Japanese psycholinguistics},
  pages={423--456},
  year={2015},
  publisher={de Gruyter}
}

@inproceedings{KahramanEtAl2011,
  title={Incremental processing of gap-filler dependencies: Evidence from the processing of subject and object clefts in Japanese},
  author={Kahraman, Bar{\i}s and Sato, Atsushi and Ono, Hajime and Sakai, Hiromu},
  booktitle={The Proceeding of the Twelfth Tokyo Conference on Psycholinguistics},
  volume={113147},
  year={2011}
}

@article{UenoGarnsey2008,
  title={An ERP study of the processing of subject and object relative clauses in Japanese},
  author={Ueno, Mieko and Garnsey, Susan M},
  journal={Language and Cognitive Processes},
  volume={23},
  number={5},
  pages={646--688},
  year={2008},
  publisher={Taylor \& Francis}
}

@inproceedings{MiyamotoNakamura2013,
  title={Unmet expectations in the comprehension of relative clauses in Japanese},
  author={Miyamoto, Edson T and Nakamura, Michiko},
  booktitle={Proceedings of the Annual Meeting of the Cognitive Science Society},
  volume={35},
  number={35},
  year={2013}
}

@article{MansbridgeTamaoka2019,
  title={Ambiguity in Japanese relative clause processing},
  author={Mansbridge, Michael P and Tamaoka, Katsuo},
  journal={Journal of Japanese Linguistics},
  volume={35},
  number={1},
  pages={75--136},
  year={2019},
  publisher={De Gruyter}
}

@article{Kanno2007,
  title={Factors affecting the processing of Japanese relative clauses by L2 learners},
  author={Kanno, Kazue},
  journal={Studies in Second Language Acquisition},
  volume={29},
  number={2},
  pages={197--218},
  year={2007},
  publisher={Cambridge University Press}
}

@article{CohenMehler1996,
  title={Click monitoring revisited: An on-line study of sentence comprehension},
  author={Cohen, Laurent and Mehler, Jacques},
  journal={Memory \& cognition},
  volume={24},
  pages={94--102},
  year={1996},
  publisher={Springer}
}

@article{SchriefersEtAl1995,
  title={The processing of locally ambiguous relative clauses in German},
  author={Schriefers, Herbert and Friederici, Angela D and Kuhn, Katja},
  journal={Journal of memory and Language},
  volume={34},
  number={4},
  pages={499--520},
  year={1995},
  publisher={Elsevier}
}

@article{RaynerEtAl2006,
  title={Eye movements as reflections of comprehension processes in reading},
  author={Rayner, Keith and Chace, Kathryn H and Slattery, Timothy J and Ashby, Jane},
  journal={Scientific studies of reading},
  volume={10},
  number={3},
  pages={241--255},
  year={2006},
  publisher={Taylor \& Francis}
}

@article{WarrenGibson2002,
  title={The influence of referential processing on sentence complexity},
  author={Warren, Tessa and Gibson, Edward},
  journal={Cognition},
  volume={85},
  number={1},
  pages={79--112},
  year={2002},
  publisher={Elsevier}
}

@misc{EF2024,
  author       = {{EF Education First}},
  title        = {EF English Proficiency Index 2024},
  year         = {2024},
  howpublished = {\url{https://www.ef.com/wwen/epi/}},
  note         = {Accessed: 2025-06-11}
}

@article{BatesEtAl2015,
  title={Fitting linear mixed-effects models using lme4},
  author={Bates, Douglas and M{\"a}chler, Martin and Bolker, Ben and Walker, Steve},
  journal={Journal of statistical software},
  volume={67},
  pages={1--48},
  year={2015}
}
